<?xml version="1.0" encoding="UTF-8"?><record xmlns="http://www.loc.gov/MARC21/slim" xmlns:cinclude="http://apache.org/cocoon/include/1.0" xmlns:zs="http://www.loc.gov/zing/srw/">
  <leader>00509cz  a2200145n  4500</leader>
  <controlfield tag="001">n  95120245 </controlfield>
  <controlfield tag="003">DLC</controlfield>
  <controlfield tag="005">19960122133515.0</controlfield>
  <controlfield tag="008">951215n| acannaab|          |a aaa |||  </controlfield>
  <datafield tag="010" ind1=" " ind2=" ">
    <subfield code="a">n  95120245 </subfield>
  </datafield>
  <datafield tag="040" ind1=" " ind2=" ">
    <subfield code="a">DLC</subfield>
    <subfield code="c">DLC</subfield>
    <subfield code="d">DLC</subfield>
  </datafield>
  <datafield tag="100" ind1="1" ind2="0">
    <subfield code="a">Kovalev, E. A.</subfield>
  </datafield>
  <datafield tag="400" ind1="1" ind2="0">
    <subfield code="a">Kovalev, Evgeniĭ Anatolʹevich</subfield>
  </datafield>
  <datafield tag="670" ind1=" " ind2=" ">
    <subfield code="a">Vse vidy uslug v I︠A︡roslavle, 1994:</subfield>
    <subfield code="b">colophon (E.A. Kovalev)</subfield>
  </datafield>
  <datafield tag="670" ind1=" " ind2=" ">
    <subfield code="a">Krovavyĭ okti︠a︡brʹ, 1994:</subfield>
    <subfield code="b">colophon (Evgeniĭ Kovalev) copr. (Kovalev, Evgeniĭ Anatolʹevich) p. 3 (journalist)</subfield>
  </datafield>
</record>